@article{NTG,
   author = {Re ́mi Lebret, David Grangier and Michael Auli},
   title = {Neural Text Generation from Structured Data with Application to the Biography Domain},
   url = {https://arxiv.org/pdf/1603.07771.pdf},
   year = {2016},
   type = {Journal Article}
}

@article{End_to_End,
   author = {Jekaterina Novikova, Ondrˇej Dusˇek and Verena Rieser},
   title = {The E2E Dataset: New Challenges For End-to-End Generation},
   url = {https://arxiv.org/pdf/1706.09254.pdf,
   year = {2017},
   type = {Journal Article}
}

@article{CaptionBot,
   author = {Qiuyuan Huang, Pengchuan Zhang, Dapeng Wu and Lei Zhang},
   title = {Turbo Learning for CaptionBot and DrawingBot},
   url = {https://arxiv.org/pdf/1706.09254.pdf,
   year = {2017},
   type = {Journal Article}
}

@article{NTG_hist,
   author = {Sidi Lu, Yaoming Zhu, Weinan Zhang, Jun Wang and Yong Yu},
   title = {Neural Text Generation: Past, Present and Beyond},
   url = {https://arxiv.org/pdf/1706.09254.pdf,
   year = {2018},
   type = {Journal Article}
}

@article{grammerly,
   author = {Sudha Rao and Joel Tetreault},
   title = {Dear Sir or Madam, May I Introduce the GYAFC Dataset: Corpus, Benchmarks and Metrics for Formality Style Transfer},
   url = {https://arxiv.org/pdf/1803.06535.pdf},
   year = {2018},
   type = {Journal Article}
}

@article{NTG2,
   author = {Ziang Xie},
   title = {Neural Text Generation: A Practical Guide},
   url = {https://arxiv.org/pdf/1711.09534.pdf},
   year = {2017},
   type = {Journal Article}
}

@article{Mensch_Maschine,
   author = {Philipp Müller},
   title = {Mensch-Maschine-Kommunikation basierend auf Natural Language Processing: Evaluierung von Möglichkeiten für den Einsatz eines humanoiden Roboters im Kontext einer Hochschulbibliothek},
   url = {https://arxiv.org/pdf/1711.09534.pdf},
   year = {2018},
   type = {Journal Article}
}

@article{NDG,
   author = {Jiwei Li, Will Monroe, Tianlin Shi,  Sebastien Jean, Alan Ritter and Dan Jurafsky},
   title = {Adversarial Learning for Neural Dialogue Generation},
   url = {https://arxiv.org/pdf/1701.06547.pdf},
   year = {2017},
   type = {Journal Article}
}

@article{summary,
   author = {Piji Li, Lidong Bing and Wai Lam},
   title = {Actor-Critic based Training Framework for Abstractive Summarization},
   url = {https://arxiv.org/pdf/1803.11070.pdf},
   year = {2018},
   type = {Journal Article}
}
